@book{robinson2015graph,
    author = {Robinson, Ian and Webber, Jim and Eifrem, Emil},
    publisher = {O'Reilly Media, Inc.},
    title = {Graph databases: new opportunities for connected data},
    year = {2015},
    isbn = {978-1-4919-3089-2}
}

@online{sbs,
    author = {{Neo4j Inc.}},
    title = {Fine-Grained Access Control for Better Security and Privacy},
    url = {https://neo4j.com/product/neo4j-graph-database/security/}
}

@online{ac,
    author = {{Neo4j Inc.}},
    title = {Built-in roles and privileges},
    url = {https://neo4j.com/docs/operations-manual/current/authentication-authorization/built-in-roles/#auth-built-in-roles}
}

@misc{mysql,
    author = {Rodrigues, Cajetan and Jain, Mit Ramesh and Khanchandani, Ashish},
    year = {2023},
    month = {05},
    title = {Performance Comparison of Graph Database and Relational Database},
    doi = {10.13140/RG.2.2.27380.32641}
}

@misc{wdbench,
	author = {Angles, Renzo and Aranda, Carlos and Hogan, Aidan and Rojas, Carlos and Vrgo{\v c}, Domagoj},
	doi = {10.1007/978-3-031-19433-7_41},
	title = {WDBench: A Wikidata Graph Query Benchmark},
	year = {2022},
    month = {10}
}

@online{pgmodel,
    author = {{Neo4j Inc.}},
    title = {What is a graph database?},
    url = {https://neo4j.com/docs/getting-started/get-started-with-neo4j/graph-database/}
}

@online{schema,
    author = {{Neo4j Inc.}},
    title = {Defining a schema},
    url = {https://neo4j.com/docs/getting-started/cypher-intro/schema/}
}
